@misc{
  topins,
    author = {Paulson, Aron},
    title = {{A Primer on Topological Insulators}},
    year = {2022},
    month = {July},
    howpublished = {\url{https://github.com/aronpaulson/topins/releases/latest/download/paper.pdf}}
}
